% This file was created with JabRef 2.10b2.
% Encoding: UTF-8


@Article{ahonen2006,
  Title                    = {Face Description with Local Binary Patterns: Application to Face Recognition},
  Author                   = {Ahonen, T. and Hadid, A. and Pietikainen, M.},
  Journal                  = {Pattern Analysis and Machine Intelligence, IEEE Transactions on},
  Year                     = {2006},

  Month                    = {Dec},
  Number                   = {12},
  Pages                    = {2037-2041},
  Volume                   = {28},

  Doi                      = {10.1109/TPAMI.2006.244},
  ISSN                     = {0162-8828},
  Keywords                 = {face recognition;feature extraction;image representation;image texture;component-based face recognition;face description;face image;face misalignment;facial image representation;feature distributions;local binary patterns;texture features;Data mining;Face detection;Face recognition;Feature extraction;Image representation;Image texture analysis;Lighting;Linear discriminant analysis;Principal component analysis;Robustness;Facial image representation;component-based face recognition;face misalignment.;local binary pattern;texture features;Algorithms;Artificial Intelligence;Biometry;Face;Humans;Image Enhancement;Image Interpretation, Computer-Assisted;Information Storage and Retrieval;Numerical Analysis, Computer-Assisted;Pattern Recognition, Automated;Reproducibility of Results;Sensitivity and Specificity;Signal Processing, Computer-Assisted}
}

@Article{surf2008,
  Title                    = {Speeded-Up Robust Features (SURF)},
  Author                   = {Bay, Herbert and Ess, Andreas and Tuytelaars, Tinne and Van Gool, Luc},
  Journal                  = {Comput. Vis. Image Underst.},
  Year                     = {2008},

  Month                    = jun,
  Number                   = {3},
  Pages                    = {346--359},
  Volume                   = {110},

  Acmid                    = {1370556},
  Address                  = {New York, NY, USA},
  Doi                      = {10.1016/j.cviu.2007.09.014},
  ISSN                     = {1077-3142},
  Issue_date               = {June, 2008},
  Keywords                 = {Camera calibration, Feature description, Interest points, Local features, Object recognition},
  Numpages                 = {14},
  Publisher                = {Elsevier Science Inc.},
  Url                      = {http://dx.doi.org/10.1016/j.cviu.2007.09.014}
}

@InProceedings{statistical2005,
  Title                    = {Part-based statistical models for object classification and detection},
  Author                   = {Bernstein, E.J. and Amit, Y.},
  Booktitle                = {Computer Vision and Pattern Recognition, 2005. CVPR 2005. IEEE Computer Society Conference on},
  Year                     = {2005},
  Month                    = {June},
  Pages                    = {734-740 vol. 2},
  Volume                   = {2},

  Doi                      = {10.1109/CVPR.2005.270},
  ISSN                     = {1063-6919},
  Keywords                 = {handwritten character recognition;image classification;learning (artificial intelligence);object detection;statistical distributions;binary oriented edge input;handwritten character recognition;likelihood based classification;mid-level binary local feature;object classification;object detection;part-based statistical model;side view car detection;statistical distribution;training sets;Character recognition;Degradation;Layout;Machine vision;Object detection;Photometry;Robustness;Scalability;Statistics;Training data}
}

@Article{treebased2012,
  Title                    = {A Tree-Based Context Model for Object Recognition},
  Author                   = {Myung Jin Choi and Torralba, A. and Willsky, A.S.},
  Journal                  = {Pattern Analysis and Machine Intelligence, IEEE Transactions on},
  Year                     = {2012},

  Month                    = {Feb},
  Number                   = {2},
  Pages                    = {240-252},
  Volume                   = {34},

  Doi                      = {10.1109/TPAMI.2011.119},
  ISSN                     = {0162-8828},
  Keywords                 = {object recognition;probability;contextual information;image features;image querying system;object categories;object recognition;probabilistic framework;tree based context model;Computational modeling;Context modeling;Image processing;Markov processes;Object recognition;Scene analysis;Markov random fields;Object recognition;image databases.;scene analysis;structural models}
}

@InProceedings{hog2005,
  Title                    = {Histograms of Oriented Gradients for Human Detection},
  Author                   = {Dalal, Navneet and Triggs, Bill},
  Booktitle                = {Proceedings of the 2005 IEEE Computer Society Conference on Computer Vision and Pattern Recognition (CVPR'05) - Volume 1 - Volume 01},
  Year                     = {2005},

  Address                  = {Washington, DC, USA},
  Pages                    = {886--893},
  Publisher                = {IEEE Computer Society},
  Series                   = {CVPR '05},

  Acmid                    = {1069007},
  Doi                      = {10.1109/CVPR.2005.177},
  ISBN                     = {0-7695-2372-2},
  Numpages                 = {8},
  Url                      = {http://dx.doi.org/10.1109/CVPR.2005.177}
}

@Article{Felzenszwalb2010,
  Title                    = {Object Detection with Discriminatively Trained Part-Based Models},
  Author                   = {Felzenszwalb, P.F. and Girshick, R.B. and McAllester, D. and Ramanan, D.},
  Journal                  = {Pattern Analysis and Machine Intelligence, IEEE Transactions on},
  Year                     = {2010},

  Month                    = {Sept},
  Number                   = {9},
  Pages                    = {1627-1645},
  Volume                   = {32},

  Doi                      = {10.1109/TPAMI.2009.167},
  ISSN                     = {0162-8828},
  Keywords                 = {data mining;iterative methods;object detection;object recognition;support vector machines;PASCAL object detection;data mining;discriminative trained part-based models;iterative training algorithm;latent SVM objective function;margin-sensitive approach;multiscale deformable part models;object detection system;object recognition;support vector machine;Object recognition;deformable models;discriminative training;latent SVM.;pictorial structures;Algorithms;Artificial Intelligence;Discriminant Analysis;Image Enhancement;Image Interpretation, Computer-Assisted;Imaging, Three-Dimensional;Pattern Recognition, Automated;Reproducibility of Results;Sensitivity and Specificity}
}

@Article{HerbertBay2008,
  Title                    = {Speeded-Up Robust Features},
  Author                   = {Herbert Bay, Andreas Ess, Tinne Tuytelaars, Luc Van Gool},
  Year                     = {2008},
  Volume                   = {110}
}

@Article{Hsu2002,
  Title                    = {Face detection in color images},
  Author                   = {Rein-Lien Hsu and Abdel-Mottaleb, M. and Jain, A.K.},
  Journal                  = {Pattern Analysis and Machine Intelligence, IEEE Transactions on},
  Year                     = {2002},

  Month                    = {May},
  Number                   = {5},
  Pages                    = {696-706},
  Volume                   = {24},

  Doi                      = {10.1109/34.1000242},
  ISSN                     = {0162-8828},
  Keywords                 = {Hough transforms;face recognition;feature extraction;image colour analysis;Hough transform;color images;face detection;face image database management;face recognition;facial feature map;human computer interface;skin tone;varying lighting;video surveillance;Application software;Color;Computer interfaces;Face detection;Face recognition;Humans;Image databases;Image generation;Skin;Video surveillance}
}

@Article{sift2004,
  Title                    = {Distinctive Image Features from Scale-Invariant Keypoints},
  Author                   = {Lowe, David G.},
  Journal                  = {Int. J. Comput. Vision},
  Year                     = {2004},

  Month                    = nov,
  Number                   = {2},
  Pages                    = {91--110},
  Volume                   = {60},

  Acmid                    = {996342},
  Address                  = {Hingham, MA, USA},
  Doi                      = {10.1023/B:VISI.0000029664.99615.94},
  ISSN                     = {0920-5691},
  Issue_date               = {November 2004},
  Keywords                 = {image matching, invariant features, object recognition, scale invariance},
  Numpages                 = {20},
  Publisher                = {Kluwer Academic Publishers},
  Url                      = {http://dx.doi.org/10.1023/B:VISI.0000029664.99615.94}
}

@Article{ldnp2013,
  Title                    = {Local Directional Number Pattern for Face Analysis: Face and Expression Recognition},
  Author                   = {Ramirez Rivera, A. and Rojas Castillo and Oksam Chae},
  Journal                  = {Image Processing, IEEE Transactions on},
  Year                     = {2013},

  Month                    = {May},
  Number                   = {5},
  Pages                    = {1740-1752},
  Volume                   = {22},

  Doi                      = {10.1109/TIP.2012.2235848},
  ISSN                     = {1057-7149},
  Keywords                 = {emotion recognition;face recognition;feature extraction;image coding;image texture;lighting;performance evaluation;LDN feature distribution;LDN pattern;directional information encoding;directional information extraction;discriminative code;expression recognition;face analysis;face descriptor;face recognition;face textures;feature vector;illumination;intensity transitions;local directional number pattern;local feature descriptor;micropattern structure;noise variation;performance analysis;structural patterns;time lapse variation;Compass;Encoding;Face;Face recognition;Feature extraction;Histograms;Lighting;Directional number pattern;expression recognition;face descriptor;face recognition;feature;image descriptor;local pattern;Biometric Identification;Databases, Factual;Face;Facial Expression;Female;Humans;Male;Support Vector Machines}
}

@Article{trsi2000,
  Title                    = {Translation, rotation, and scale-invariant object recognition},
  Author                   = {Torres-Mendez, L.A. and Ruiz-Suarez, J.C. and Sucar, L.E. and Gomez, G.},
  Journal                  = {Systems, Man, and Cybernetics, Part C: Applications and Reviews, IEEE Transactions on},
  Year                     = {2000},

  Month                    = {Feb},
  Number                   = {1},
  Pages                    = {125-130},
  Volume                   = {30},

  Doi                      = {10.1109/5326.827484},
  ISSN                     = {1094-6977},
  Keywords                 = {character recognition;deformation;invariance;object recognition;random noise;rotation;vectors;alphabet;boundary deformation tolerance;car number plates;character recognition;coding;holographic nearest-neighbor algorithm;invariant object recognition;normalized moment of inertia;pre-processing;random noise tolerance;rotation invariance;scale invariance;topological object characteristics extraction;training;translation invariance;upper-case letters;vectors;Algorithm design and analysis;Character recognition;Data preprocessing;Holographic optical components;Holography;Image recognition;Nearest neighbor searches;Object recognition;Optical character recognition software;Testing}
}

@Article{face2002,
  Title                    = {Detecting faces in images: a survey},
  Author                   = {Ming-Hsuan Yang and Kriegman, D. and Ahuja, N.},
  Journal                  = {Pattern Analysis and Machine Intelligence, IEEE Transactions on},
  Year                     = {2002},

  Month                    = {Jan},
  Number                   = {1},
  Pages                    = {34-58},
  Volume                   = {24},

  Doi                      = {10.1109/34.982883},
  ISSN                     = {0162-8828},
  Keywords                 = {computer vision;face recognition;feature extraction;object detection;reviews;3D position;benchmarking;data collection;evaluation metrics;expression recognition;face color;face detection algorithms;face images;face orientation;face recognition;face shape;face size;face texture;face tracking;fully automated systems;image sequence;intelligent vision-based human-computer interaction;lighting conditions;machine learning;object recognition;pose estimation;statistical pattern recognition;survey;view-based recognition;Algorithm design and analysis;Computer vision;Face detection;Face recognition;Facial features;Human computer interaction;Machine learning algorithms;Nose;Pattern recognition;Shape}
}

@book{Amit2002,
 author = {Amit, Yali},
 title = {2D Object Detection and Recognition: Models, Algorithms, and Networks},
 year = {2002},
 isbn = {0262011948},
 publisher = {MIT Press},
 address = {Cambridge, MA, USA}
} 

@INPROCEEDINGS{viola2001, 
author={Viola, P. and Jones, M.}, 
booktitle={Computer Vision, 2001. ICCV 2001. Proceedings. Eighth IEEE International Conference on}, 
title={Robust real-time face detection}, 
year={2001}, 
month={}, 
volume={2}, 
pages={747-747}, 
keywords={Boosting;Color;Detectors;Face detection;Information resources;Laboratories;Object detection;Pixel;Robustness;Video sequences}, 
doi={10.1109/ICCV.2001.937709}
}

@article{Felzenszwalb2013,
 author = {Felzenszwalb, Pedro and Girshick, Ross and McAllester, David and Ramanan, Deva},
 title = {Visual Object Detection with Deformable Part Models},
 journal = {Commun. ACM},
 issue_date = {September 2013},
 volume = {56},
 number = {9},
 month = sep,
 year = {2013},
 issn = {0001-0782},
 pages = {97--105},
 numpages = {9},
 url = {http://doi.acm.org/10.1145/2494532},
 doi = {10.1145/2494532},
 acmid = {2494532},
 publisher = {ACM},
 address = {New York, NY, USA}
} 
@INPROCEEDINGS{Zhu2012, 
author={Xiangxin Zhu and Ramanan, D.}, 
booktitle={Computer Vision and Pattern Recognition (CVPR), 2012 IEEE Conference on}, 
title={Face detection, pose estimation, and landmark localization in the wild}, 
year={2012}, 
month={June}, 
pages={2879-2886}, 
keywords={computer vision;face recognition;object detection;pose estimation;trees (mathematics);Google Picasa;computer vision;face detection;face.com;global elastic deformation;in-the-wild annotated dataset;landmark estimation;landmark localization;pose estimation;topological changes;tree-structured models;Computational modeling;Detectors;Estimation;Face;Face detection;Google;Shape}, 
doi={10.1109/CVPR.2012.6248014}, 
ISSN={1063-6919}
}
@Article{Everingham2010, 
   author = "Everingham, M. and Van~Gool, L. and Williams, C. K. I. and Winn, J. and Zisserman, A.", 
   title = "The Pascal Visual Object Classes (VOC) Challenge", 
   journal = "International Journal of Computer Vision", 
   volume = "88", 
   year = "2010", 
   number = "2", 
   month = jun, 
   pages = "303--338"
}
@article{Andreopoulos2013, 
title = "50 Years of object recognition: Directions forward ", 
journal = "Computer Vision and Image Understanding ", 
volume = "117", 
number = "8", 
pages = "827 - 891", 
year = "2013", 
note = "", 
issn = "1077-3142", 
doi = "http://dx.doi.org/10.1016/j.cviu.2013.04.005", 
url = "http://www.sciencedirect.com/science/article/pii/S107731421300091X", 
author = "Alexander Andreopoulos and John K. Tsotsos", 
keywords = "Active vision", 
keywords = "Object recognition", 
keywords = "Object representations", 
keywords = "Object learning", 
keywords = "Dynamic vision", 
keywords = "Cognitive vision systems"
} 
@INPROCEEDINGS{Dalal2005, 
author={Dalal, N. and Triggs, B.}, 
booktitle={Computer Vision and Pattern Recognition, 2005. CVPR 2005. IEEE Computer Society Conference on}, 
title={Histograms of oriented gradients for human detection}, 
year={2005}, 
month={June}, 
volume={1}, 
pages={886-893 vol. 1}, 
keywords={feature extraction;gradient methods;object detection;object recognition;support vector machines;coarse spatial binning;contrast normalization;edge based descriptors;fine orientation binning;fine-scale gradients;gradient based descriptors;histograms of oriented gradients;human detection;linear SVM;overlapping descriptor;pedestrian database;robust visual object recognition;High performance computing;Histograms;Humans;Image databases;Image edge detection;Object detection;Object recognition;Robustness;Support vector machines;Testing}, 
doi={10.1109/CVPR.2005.177}, 
ISSN={1063-6919}
}